
@article{liiv_notitle_nodate,
	author = {Liiv, Innar}
}

@inproceedings{kuznetsov_concept_2015,
	title = {Concept {Interestingness} {Measures}: a {Comparative} {Study}.},
	volume = {1466},
	shorttitle = {Concept {Interestingness} {Measures}},
	booktitle = {{CLA}},
	author = {Kuznetsov, Sergei O. and Makhalova, Tatyana P.},
	year = {2015},
	pages = {59--72},
	file = {Full Text:C\:\\Users\\ator-\\Zotero\\storage\\8JSZY3YP\\Kuznetsov ja Makhalova - 2015 - Concept Interestingness Measures a Comparative St.pdf:application/pdf}
}

@inproceedings{vaidya_role_2007,
	title = {The role mining problem: finding a minimal descriptive set of roles},
	shorttitle = {The role mining problem},
	booktitle = {Proceedings of the 12th {ACM} symposium on {Access} control models and technologies},
	publisher = {ACM},
	author = {Vaidya, Jaideep and Atluri, Vijayalakshmi and Guo, Qi},
	year = {2007},
	pages = {175--184},
	file = {Full Text:C\:\\Users\\ator-\\Zotero\\storage\\BTBTC5A3\\Vaidya et al. - 2007 - The role mining problem finding a minimal descrip.pdf:application/pdf;Snapshot:C\:\\Users\\ator-\\Zotero\\storage\\YYUJID47\\citation.html:text/html}
}